<record><leader>00000cas a22000007a 4500</leader><controlfield tag="001">20841596</controlfield><controlfield tag="008">900103d1988199uiluwr ne      0   a0eng d</controlfield><datafield ind1=" " ind2=" " tag="010"><subfield code="a">sn 90005048 </subfield></datafield><datafield ind1=" " ind2=" " tag="040"><subfield code="a">NSD</subfield><subfield code="b">eng</subfield><subfield code="c">NSD</subfield><subfield code="d">MN#</subfield><subfield code="d">NSD</subfield><subfield code="d">OCLCQ</subfield><subfield code="d">OCLCO</subfield></datafield><datafield ind1=" " ind2=" " tag="012"><subfield code="m">d</subfield></datafield><datafield ind1="1" ind2=" " tag="022"><subfield code="a">1048-0218</subfield><subfield code="l">1048-0218</subfield><subfield code="2">1</subfield></datafield><datafield ind1="1" ind2=" " tag="029"><subfield code="a">AU@</subfield><subfield code="b">000020580471</subfield></datafield><datafield ind1=" " ind2=" " tag="037"><subfield code="b">Heartland Media, Inc., POB 37, Ellendale, Steele County, MN 56026</subfield></datafield><datafield ind1=" " ind2=" " tag="042"><subfield code="a">nsdp</subfield><subfield code="a">msc</subfield></datafield><datafield ind1=" " ind2=" " tag="043"><subfield code="a">n-us-mn</subfield></datafield><datafield ind1=" " ind2=" " tag="052"><subfield code="a">4144</subfield><subfield code="b">E55</subfield><subfield code="b">H77</subfield><subfield code="b">C545</subfield><subfield code="b">G245</subfield></datafield><datafield ind1=" " ind2=" " tag="052"><subfield code="a">4143</subfield><subfield code="b">S7</subfield><subfield code="b">F7</subfield></datafield><datafield ind1=" " ind2="0" tag="222"><subfield code="a">Our community news</subfield></datafield><datafield ind1="0" ind2="0" tag="245"><subfield code="a">Our community news.</subfield></datafield><datafield ind1=" " ind2=" " tag="260"><subfield code="a">Ellendale, MN :</subfield><subfield code="b">Community Action Committee,</subfield><subfield code="c">1988-</subfield></datafield><datafield ind1=" " ind2=" " tag="300"><subfield code="a">v.</subfield></datafield><datafield ind1=" " ind2=" " tag="310"><subfield code="a">Weekly</subfield></datafield><datafield ind1="0" ind2=" " tag="362"><subfield code="a">Vol. 1, no. 12 (Dec. 1, 1988)-</subfield></datafield><datafield ind1=" " ind2=" " tag="521"><subfield code="a">Serving Clarks Grove, Ellendale, Geneva &amp; Hope.</subfield></datafield><datafield ind1=" " ind2=" " tag="530"><subfield code="a">Available on microfilm from the Minnesota Historical Society.</subfield></datafield><datafield ind1=" " ind2="0" tag="651"><subfield code="a">Clarks Grove (Minn.)</subfield><subfield code="v">Newspapers.</subfield></datafield><datafield ind1=" " ind2="0" tag="651"><subfield code="a">Ellendale (Minn.)</subfield><subfield code="v">Newspapers.</subfield></datafield><datafield ind1=" " ind2="0" tag="651"><subfield code="a">Geneva (Minn.)</subfield><subfield code="v">Newspapers.</subfield></datafield><datafield ind1=" " ind2="0" tag="651"><subfield code="a">Hope (Minn.)</subfield><subfield code="v">Newspapers.</subfield></datafield><datafield ind1="2" ind2=" " tag="710"><subfield code="a">Community Action Committee (Ellendale, Minn.)</subfield></datafield><datafield ind1=" " ind2=" " tag="752"><subfield code="a">United States</subfield><subfield code="b">Minnesota</subfield><subfield code="c">Freeborn</subfield><subfield code="d">Clarks Grove.</subfield></datafield><datafield ind1=" " ind2=" " tag="752"><subfield code="a">United States</subfield><subfield code="b">Minnesota</subfield><subfield code="c">Steele</subfield><subfield code="d">Ellendale.</subfield></datafield><datafield ind1=" " ind2=" " tag="752"><subfield code="a">United States</subfield><subfield code="b">Minnesota</subfield><subfield code="c">Freeborn</subfield><subfield code="d">Geneva.</subfield></datafield><datafield ind1=" " ind2=" " tag="752"><subfield code="a">United States</subfield><subfield code="b">Minnesota</subfield><subfield code="c">Steele</subfield><subfield code="d">Hope.</subfield></datafield><datafield ind1="0" ind2="0" tag="780"><subfield code="t">Community news (Ellendale, Minn.)</subfield><subfield code="w">(DLC)sn 91059102</subfield></datafield><datafield ind1="0" ind2="0" tag="785"><subfield code="t">Ellendale eagle</subfield><subfield code="x">1095-0877</subfield><subfield code="w">(DLC)sn 97000821</subfield></datafield></record>